<?xml version="1.0" encoding="UTF-8"?>
<marc:collection xmlns:marc="http://www.loc.gov/MARC21/slim"
    xmlns:xsi="http://www.w3.org/2001/XMLSchema-instance"
    xsi:schemaLocation="http://www.loc.gov/MARC21/slim http://www.loc.gov/standards/marcxml/schema/MARC21slim.xsd">
    <marc:record>
        <marc:leader>11111nam a2200553ui 4500</marc:leader>
        <marc:controlfield tag="001">relator-test0</marc:controlfield>
        <marc:datafield tag="100" ind1="0" ind2=" ">
            <marc:subfield code="a">H. D.</marc:subfield>
            <marc:subfield code="q">(Hilda Doolittle),</marc:subfield>
            <marc:subfield code="d">1886-1961</marc:subfield>
        </marc:datafield>
    </marc:record>