
    <marc:record>
        <marc:leader>11111nam a2200553ui 4500</marc:leader>
        <marc:controlfield tag="001">relator-test3</marc:controlfield>
        <marc:datafield tag="100" ind1="1" ind2=" ">
            <marc:subfield code="a">Ward, Humphrey,</marc:subfield>
            <marc:subfield code="c">Mrs.,</marc:subfield>
            <marc:subfield code="d">1851-1920.</marc:subfield>
        </marc:datafield>
    </marc:record>