
    <marc:record>
        <marc:leader>11111nam a2200553ui 4500</marc:leader>
        <marc:controlfield tag="001">relator-test4</marc:controlfield>
        <marc:datafield tag="100" ind1="1" ind2=" ">
            <marc:subfield code="a">Boulanger, John,</marc:subfield>
            <marc:subfield code="d">1965-</marc:subfield>
        </marc:datafield>
    </marc:record>