
    <marc:record>
        <marc:leader>11111nam a2200553ui 4500</marc:leader>
        <marc:controlfield tag="001">relator-test6</marc:controlfield>
        <marc:datafield tag="100" ind1="0" ind2=" ">
            <marc:subfield code="a">Piri, Reis</marc:subfield>
            <marc:subfield code="d">d. 1554?</marc:subfield>
        </marc:datafield>
    </marc:record>