
    <marc:record>
        <marc:leader>11111nam a2200553ui 4500</marc:leader>
        <marc:controlfield tag="001">relator-test9</marc:controlfield>
        <marc:datafield tag="111" ind1="2" ind2=" ">
            <marc:subfield code="a">International Conference on Rewriting Techniques and Applications</marc:subfield>
            <marc:subfield code="n">(17th :</marc:subfield>
            <marc:subfield code="d">2006 :</marc:subfield>
            <marc:subfield code="c">Seattle, Wash.)</marc:subfield>
        </marc:datafield>
    </marc:record>
</marc:collection>